@article{kirkpatrick1983optimization,
  title={Optimization by simulated annealing},
  author={Kirkpatrick, Scott and Gelatt, C Daniel and Vecchi, Mario P},
  journal={science},
  volume={220},
  number={4598},
  pages={671--680},
  year={1983},
  publisher={American association for the advancement of science}
}
@article{von2001oligonucleotide,
  title={Oligonucleotide melting temperatures under PCR conditions: nearest-neighbor corrections for Mg2+, deoxynucleotide triphosphate, and dimethyl sulfoxide concentrations with comparison to alternative empirical formulas},
  author={von Ahsen, Nicolas and Wittwer, Carl T and Schutz, Ekkehard},
  journal={Clinical Chemistry},
  volume={47},
  number={11},
  pages={1956--1961},
  year={2001},
  publisher={Oxford University Press}
}
@article{santalucia1998unified,
  title={A unified view of polymer, dumbbell, and oligonucleotide DNA nearest-neighbor thermodynamics},
  author={SantaLucia, John},
  journal={Proceedings of the National Academy of Sciences},
  volume={95},
  number={4},
  pages={1460--1465},
  year={1998},
  publisher={National Acad Sciences}
}
@article{porumbel2011simple,
  title={A simple and effective algorithm for the MaxMin diversity problem},
  author={Porumbel, Daniel Cosmin and Hao, Jin-Kao and Glover, Fred},
  journal={Annals of Operations Research},
  volume={186},
  number={1},
  pages={275},
  year={2011},
  publisher={Springer}
}
@article{avram2014quantitative,
  title={Quantitative estimation of pesticide-likeness for agrochemical discovery},
  author={Avram, Sorin and Funar-Timofei, Simona and Borota, Ana and Chennamaneni, Sridhar Rao and Manchala, Anil Kumar and Muresan, Sorel},
  journal={Journal of cheminformatics},
  volume={6},
  number={1},
  pages={1--11},
  year={2014},
  publisher={Springer}
}
@article{biswas2021low,
  title={Low-N protein engineering with data-efficient deep learning},
  author={Biswas, Surojit and Khimulya, Grigory and Alley, Ethan C and Esvelt, Kevin M and Church, George M},
  journal={Nature Methods},
  volume={18},
  number={4},
  pages={389--396},
  year={2021},
  publisher={Nature Publishing Group}
}
@article{whitehouse2012p450,
  title={P450 BM3 (CYP102A1): connecting the dots},
  author={Whitehouse, Christopher JC and Bell, Stephen G and Wong, Luet-Lok},
  journal={Chemical Society Reviews},
  volume={41},
  number={3},
  pages={1218--1260},
  year={2012},
  publisher={Royal Society of Chemistry}
}
@article{siegel2010computational,
  title={Computational design of an enzyme catalyst for a stereoselective bimolecular Diels-Alder reaction},
  author={Siegel, Justin B and Zanghellini, Alexandre and Lovick, Helena M and Kiss, Gert and Lambert, Abigail R and Clair, Jennifer L St and Gallaher, Jasmine L and Hilvert, Donald and Gelb, Michael H and Stoddard, Barry L and others},
  journal={Science},
  volume={329},
  number={5989},
  pages={309--313},
  year={2010},
  publisher={American Association for the Advancement of Science}
}

@article{rothlisberger2008kemp,
  title={Kemp elimination catalysts by computational enzyme design},
  author={R{\"o}thlisberger, Daniela and Khersonsky, Olga and Wollacott, Andrew M and Jiang, Lin and DeChancie, Jason and Betker, Jamie and Gallaher, Jasmine L and Althoff, Eric A and Zanghellini, Alexandre and Dym, Orly and others},
  journal={Nature},
  volume={453},
  number={7192},
  pages={190--195},
  year={2008},
  publisher={Nature Publishing Group}
}
@article{romero2013navigating,
  title={Navigating the protein fitness landscape with Gaussian processes},
  author={Romero, Philip A and Krause, Andreas and Arnold, Frances H},
  journal={Proceedings of the National Academy of Sciences},
  volume={110},
  number={3},
  pages={E193--E201},
  year={2013},
  publisher={National Acad Sciences}
}
@article{vaswani2017attention,
  title={Attention is all you need},
  author={Vaswani, Ashish and Shazeer, Noam and Parmar, Niki and Uszkoreit, Jakob and Jones, Llion and Gomez, Aidan N and Kaiser, Lukasz and Polosukhin, Illia},
  journal={arXiv preprint arXiv:1706.03762},
  year={2017}
}
@article{wong,
  title={P450 BM3 (CYP102A1): connecting the dots},
  author={Whitehouse, Christopher JC and Bell, Stephen G and Wong, Luet-Lok},
  journal={Chemical Society Reviews},
  volume={41},
  number={3},
  pages={1218--1260},
  year={2012},
  publisher={Royal Society of Chemistry}
}
@article{rosettadock,
  title={Small-molecule ligand docking into comparative models with Rosetta},
  author={Combs, Steven A and DeLuca, Samuel L and DeLuca, Stephanie H and Lemmon, Gordon H and Nannemann, David P and Nguyen, Elizabeth D and Willis, Jordan R and Sheehan, Jonathan H and Meiler, Jens},
  journal={Nature protocols},
  volume={8},
  number={7},
  pages={1277--1298},
  year={2013},
  publisher={Nature Publishing Group}
}
@article{MONN:m,
author = {Li, Shuya and Wan, Fangping and Shu, Hantao and Jiang, Tao and Zhao, Dan and Zeng, Jianyang},
year = {2020},
month = {04},
pages = {308-322.e11},
title = {MONN: A Multi-objective Neural Network for Predicting Compound-Protein Interactions and Affinities},
volume = {10},
journal = {Cell Systems},
doi = {10.1016/j.cels.2020.03.002}
}
@article{dunbrack1993backbone,
  title={Backbone-dependent rotamer library for proteins application to side-chain prediction},
  author={Dunbrack Jr, Roland L and Karplus, Martin},
  journal={Journal of molecular biology},
  volume={230},
  number={2},
  pages={543--574},
  year={1993},
  publisher={Elsevier}
}
@article{trott2010autodock,
  title={AutoDock Vina: improving the speed and accuracy of docking with a new scoring function, efficient optimization, and multithreading},
  author={Trott, Oleg and Olson, Arthur J},
  journal={Journal of computational chemistry},
  volume={31},
  number={2},
  pages={455--461},
  year={2010},
  publisher={Wiley Online Library}
}
@article{senior2020improved,
  title={Improved protein structure prediction using potentials from deep learning},
  author={Senior, Andrew W and Evans, Richard and Jumper, John and Kirkpatrick, James and Sifre, Laurent and Green, Tim and Qin, Chongli and {\v{Z}}{\'\i}dek, Augustin and Nelson, Alexander WR and Bridgland, Alex and others},
  journal={Nature},
  volume={577},
  number={7792},
  pages={706--710},
  year={2020},
  publisher={Nature Publishing Group}
}
@article{canutescu2003cyclic,
  title={Cyclic coordinate descent: A robotics algorithm for protein loop closure},
  author={Canutescu, Adrian A and Dunbrack Jr, Roland L},
  journal={Protein science},
  volume={12},
  number={5},
  pages={963--972},
  year={2003},
  publisher={Wiley Online Library}
}
@article{o2011open,
  title={Open Babel: An open chemical toolbox},
  author={O'Boyle, Noel M and Banck, Michael and James, Craig A and Morley, Chris and Vandermeersch, Tim and Hutchison, Geoffrey R},
  journal={Journal of cheminformatics},
  volume={3},
  number={1},
  pages={1--14},
  year={2011},
  publisher={BioMed Central}
}
@article{chaudhury2010pyrosetta,
  title={PyRosetta: a script-based interface for implementing molecular modeling algorithms using Rosetta},
  author={Chaudhury, Sidhartha and Lyskov, Sergey and Gray, Jeffrey J},
  journal={Bioinformatics},
  volume={26},
  number={5},
  pages={689--691},
  year={2010},
  publisher={Oxford University Press}
}
@article{combs2013small,
  title={Small-molecule ligand docking into comparative models with Rosetta},
  author={Combs, Steven A and DeLuca, Samuel L and DeLuca, Stephanie H and Lemmon, Gordon H and Nannemann, David P and Nguyen, Elizabeth D and Willis, Jordan R and Sheehan, Jonathan H and Meiler, Jens},
  journal={Nature protocols},
  volume={8},
  number={7},
  pages={1277--1298},
  year={2013},
  publisher={Nature Publishing Group}
}

@article{park2016simultaneous,
  title={Simultaneous optimization of biomolecular energy functions on features from small molecules and macromolecules},
  author={Park, Hahnbeom and Bradley, Philip and Greisen Jr, Per and Liu, Yuan and Mulligan, Vikram Khipple and Kim, David E and Baker, David and DiMaio, Frank},
  journal={Journal of chemical theory and computation},
  volume={12},
  number={12},
  pages={6201--6212},
  year={2016},
  publisher={ACS Publications}
}
